<?xml version="1.0" encoding="UTF-8"?><collection xmlns="http://www.loc.gov/MARC21/slim"><record><leader>00394nam--2200133-i-4500</leader><controlfield tag="001">000023835</controlfield><controlfield tag="002">20161230</controlfield><controlfield tag="005">20161230201035</controlfield><controlfield tag="008">060222s1000------------r-----000-0-eng-d</controlfield><datafield ind1=" " ind2=" " tag="080"><subfield code="a">538.911:548(043)</subfield></datafield><datafield ind1=" " ind2=" " tag="100"><subfield code="a">Gheribi, Bachir</subfield></datafield><datafield ind1=" " ind2=" " tag="245"><subfield code="a">Detection electronique des r.x. par si(i li), utilisation de celui-ci en monochromateur. these</subfield></datafield><datafield ind1=" " ind2=" " tag="260"><subfield code="a">Universite De Paris, 1977, 45p</subfield></datafield><datafield ind1=" " ind2=" " tag="852"><subfield code="a">46820</subfield></datafield></record></collection>